{
    "campaigns": [
        {
            "id": 17338,
            "name": "Advanced asynchronous application",
            "client": "Ankunding-Greenholt",
            "budget": 92815,
            "start_date": "2014-01-15",
            "end_date": "2017-12-16",
            "status": "completed"
        },
        {
            "id": 54145,
            "name": "Vision-oriented demand-driven forecast",
            "client": "Hane PLC",
            "budget": 49675,
            "start_date": "1991-06-18",
            "end_date": "1972-05-13",
            "status": "active"
        },
        {
            "id": 51702,
            "name": "Automated multi-state archive",
            "client": "Rohan Group",
            "budget": 26470,
            "start_date": "1991-05-27",
            "end_date": "2016-12-03",
            "status": "pending"
        },
        {
            "id": 54974,
            "name": "Open-source intermediate access",
            "client": "Ledner, Gibson and Witting",
            "budget": 26438,
            "start_date": "2014-07-08",
            "end_date": "1975-06-19",
            "status": "pending"
        },
        {
            "id": 71741,
            "name": "Customer-focused incremental blockchain",
            "client": "Maggio-Baumbach",
            "budget": 63611,
            "start_date": "2003-07-14",
            "end_date": "2018-07-09",
            "status": "completed"
        },
        {
            "id": 31884,
            "name": "Reactive zeroadministration protocol",
            "client": "Kling-Bernhard",
            "budget": 5362,
            "start_date": "1977-08-31",
            "end_date": "2010-05-25",
            "status": "active"
        },
        {
            "id": 42247,
            "name": "Re-engineered needs-based definition",
            "client": "Batz-Kovacek",
            "budget": 16404,
            "start_date": "2009-02-20",
            "end_date": "2013-09-12",
            "status": "active"
        },
        {
            "id": 61437,
            "name": "Profound scalable knowledgeuser",
            "client": "Grady PLC",
            "budget": 18377,
            "start_date": "1987-01-05",
            "end_date": "2022-12-03",
            "status": "completed"
        },
        {
            "id": 91200,
            "name": "Sharable client-driven definition",
            "client": "Dach-Dickens",
            "budget": 81526,
            "start_date": "1990-01-19",
            "end_date": "2017-10-13",
            "status": "completed"
        },
        {
            "id": 98528,
            "name": "Optimized local matrix",
            "client": "Lemke, Hegmann and Daugherty",
            "budget": 87287,
            "start_date": "1985-05-09",
            "end_date": "1972-04-12",
            "status": "completed"
        },
        {
            "id": 8288,
            "name": "Customizable multi-tasking attitude",
            "client": "Waters-Hansen",
            "budget": 88500,
            "start_date": "2021-12-25",
            "end_date": "2001-03-19",
            "status": "active"
        },
        {
            "id": 60800,
            "name": "Down-sized reciprocal orchestration",
            "client": "Stamm-Bartoletti",
            "budget": 79336,
            "start_date": "1989-03-25",
            "end_date": "2014-10-25",
            "status": "active"
        },
        {
            "id": 74141,
            "name": "Implemented needs-based flexibility",
            "client": "Hansen Ltd",
            "budget": 88123,
            "start_date": "1987-08-31",
            "end_date": "2003-01-07",
            "status": "completed"
        },
        {
            "id": 66405,
            "name": "Public-key leadingedge superstructure",
            "client": "Adams Group",
            "budget": 54127,
            "start_date": "1993-10-17",
            "end_date": "2018-11-04",
            "status": "pending"
        },
        {
            "id": 69998,
            "name": "Customizable solution-oriented standardization",
            "client": "Glover-Pacocha",
            "budget": 52020,
            "start_date": "1979-11-20",
            "end_date": "1979-05-10",
            "status": "completed"
        },
        {
            "id": 84890,
            "name": "Synergistic actuating forecast",
            "client": "Gottlieb Group",
            "budget": 37920,
            "start_date": "1997-08-06",
            "end_date": "2011-07-04",
            "status": "active"
        },
        {
            "id": 67253,
            "name": "Adaptive modular definition",
            "client": "Jerde-Daugherty",
            "budget": 74462,
            "start_date": "2020-10-25",
            "end_date": "1971-06-15",
            "status": "pending"
        },
        {
            "id": 21177,
            "name": "Organic exuding access",
            "client": "Powlowski Group",
            "budget": 48515,
            "start_date": "1982-03-07",
            "end_date": "1982-05-03",
            "status": "completed"
        },
        {
            "id": 96016,
            "name": "Re-contextualized stable flexibility",
            "client": "Rohan-Douglas",
            "budget": 99055,
            "start_date": "2011-03-24",
            "end_date": "2011-08-14",
            "status": "active"
        },
        {
            "id": 13890,
            "name": "Public-key clear-thinking service-desk",
            "client": "Pollich, Pfannerstill and Lynch",
            "budget": 16560,
            "start_date": "1980-07-26",
            "end_date": "1972-01-06",
            "status": "active"
        },
        {
            "id": 91388,
            "name": "Reverse-engineered cohesive functionalities",
            "client": "Morissette, Schuster and Shields",
            "budget": 23401,
            "start_date": "2003-07-29",
            "end_date": "2006-08-22",
            "status": "completed"
        },
        {
            "id": 91916,
            "name": "Down-sized 6thgeneration knowledgeuser",
            "client": "Wilderman, Bashirian and Wunsch",
            "budget": 20366,
            "start_date": "1991-01-04",
            "end_date": "2011-05-22",
            "status": "pending"
        },
        {
            "id": 54271,
            "name": "Open-architected user-facing portal",
            "client": "Predovic Ltd",
            "budget": 68308,
            "start_date": "2006-02-06",
            "end_date": "2017-10-20",
            "status": "active"
        },
        {
            "id": 30057,
            "name": "Synergistic exuding systemengine",
            "client": "Ryan, Schroeder and Conn",
            "budget": 83892,
            "start_date": "1975-02-03",
            "end_date": "2021-10-30",
            "status": "active"
        },
        {
            "id": 2283,
            "name": "Re-engineered secondary circuit",
            "client": "Schoen, Quigley and Stark",
            "budget": 20398,
            "start_date": "1989-07-21",
            "end_date": "2009-08-27",
            "status": "active"
        },
        {
            "id": 40330,
            "name": "Networked optimal circuit",
            "client": "Russel, Reichel and Lynch",
            "budget": 90441,
            "start_date": "1988-05-08",
            "end_date": "2004-06-30",
            "status": "completed"
        },
        {
            "id": 96470,
            "name": "Distributed fault-tolerant circuit",
            "client": "Kutch LLC",
            "budget": 66306,
            "start_date": "2002-09-10",
            "end_date": "2007-10-26",
            "status": "active"
        },
        {
            "id": 15944,
            "name": "Assimilated context-sensitive algorithm",
            "client": "Wisozk-Wisoky",
            "budget": 62856,
            "start_date": "1997-01-30",
            "end_date": "2023-05-02",
            "status": "pending"
        },
        {
            "id": 26117,
            "name": "Operative client-server neural-net",
            "client": "Torphy, Gusikowski and Cartwright",
            "budget": 74087,
            "start_date": "1997-08-18",
            "end_date": "1978-05-26",
            "status": "completed"
        },
        {
            "id": 2553,
            "name": "Team-oriented web-enabled customerloyalty",
            "client": "Kub, Smitham and Maggio",
            "budget": 44211,
            "start_date": "2023-07-15",
            "end_date": "2020-01-26",
            "status": "completed"
        },
        {
            "id": 76563,
            "name": "Innovative reciprocal forecast",
            "client": "Schoen, Zieme and Schuppe",
            "budget": 8997,
            "start_date": "2014-11-07",
            "end_date": "1986-09-23",
            "status": "completed"
        },
        {
            "id": 34623,
            "name": "Profound bifurcated pricingstructure",
            "client": "Schowalter PLC",
            "budget": 74474,
            "start_date": "2001-12-02",
            "end_date": "1996-11-12",
            "status": "completed"
        },
        {
            "id": 3049,
            "name": "Assimilated well-modulated workforce",
            "client": "Batz LLC",
            "budget": 90982,
            "start_date": "1972-05-30",
            "end_date": "1983-01-07",
            "status": "active"
        },
        {
            "id": 17200,
            "name": "Innovative multimedia data-warehouse",
            "client": "Fahey, Streich and Breitenberg",
            "budget": 81690,
            "start_date": "1979-10-12",
            "end_date": "2018-09-03",
            "status": "active"
        },
        {
            "id": 11124,
            "name": "Polarised client-driven time-frame",
            "client": "Okuneva, Boyle and Kihn",
            "budget": 96380,
            "start_date": "1970-09-10",
            "end_date": "1996-08-30",
            "status": "pending"
        },
        {
            "id": 13851,
            "name": "Inverse intangible approach",
            "client": "Hahn and Sons",
            "budget": 67891,
            "start_date": "2022-03-25",
            "end_date": "2003-11-04",
            "status": "completed"
        },
        {
            "id": 41119,
            "name": "Phased 3rdgeneration access",
            "client": "Blick and Sons",
            "budget": 48145,
            "start_date": "1992-04-21",
            "end_date": "1986-05-26",
            "status": "active"
        },
        {
            "id": 14675,
            "name": "Versatile asynchronous application",
            "client": "Hoppe, Hills and Berge",
            "budget": 36570,
            "start_date": "2016-02-01",
            "end_date": "1980-03-17",
            "status": "completed"
        },
        {
            "id": 64468,
            "name": "Synergized needs-based service-desk",
            "client": "Schimmel-Dicki",
            "budget": 14600,
            "start_date": "1990-01-12",
            "end_date": "2009-09-10",
            "status": "active"
        },
        {
            "id": 99367,
            "name": "User-centric 24hour success",
            "client": "Auer-Langosh",
            "budget": 75121,
            "start_date": "1974-02-28",
            "end_date": "2018-07-18",
            "status": "completed"
        },
        {
            "id": 89963,
            "name": "Integrated even-keeled budgetarymanagement",
            "client": "Streich-Mertz",
            "budget": 58675,
            "start_date": "2010-05-10",
            "end_date": "2015-03-30",
            "status": "pending"
        },
        {
            "id": 80360,
            "name": "Cloned web-enabled success",
            "client": "Kerluke-Bernier",
            "budget": 94481,
            "start_date": "1988-01-19",
            "end_date": "1985-09-29",
            "status": "completed"
        },
        {
            "id": 71122,
            "name": "Re-contextualized system-worthy installation",
            "client": "Runolfsson, Green and Brakus",
            "budget": 65745,
            "start_date": "1972-11-25",
            "end_date": "1996-08-10",
            "status": "active"
        },
        {
            "id": 64457,
            "name": "Re-engineered context-sensitive collaboration",
            "client": "Bruen-Hickle",
            "budget": 35090,
            "start_date": "1978-07-10",
            "end_date": "1988-12-10",
            "status": "active"
        },
        {
            "id": 35253,
            "name": "Ergonomic needs-based framework",
            "client": "Wisoky-Lehner",
            "budget": 75277,
            "start_date": "1985-06-03",
            "end_date": "1990-11-11",
            "status": "pending"
        },
        {
            "id": 49910,
            "name": "Switchable stable systemengine",
            "client": "Lockman Ltd",
            "budget": 30699,
            "start_date": "2016-10-31",
            "end_date": "1980-02-19",
            "status": "active"
        },
        {
            "id": 28294,
            "name": "Down-sized empowering architecture",
            "client": "Okuneva Group",
            "budget": 65104,
            "start_date": "1998-04-04",
            "end_date": "1976-04-17",
            "status": "pending"
        },
        {
            "id": 12753,
            "name": "Synergized motivating interface",
            "client": "Pollich Inc",
            "budget": 76179,
            "start_date": "1998-06-07",
            "end_date": "2016-07-08",
            "status": "completed"
        },
        {
            "id": 73614,
            "name": "De-engineered zerotolerance access",
            "client": "Sporer-Cartwright",
            "budget": 41030,
            "start_date": "2014-09-24",
            "end_date": "2012-01-22",
            "status": "pending"
        },
        {
            "id": 72368,
            "name": "Robust disintermediate access",
            "client": "Durgan-Johnston",
            "budget": 69694,
            "start_date": "2024-02-08",
            "end_date": "2011-02-23",
            "status": "pending"
        },
        {
            "id": 50327,
            "name": "Exclusive solution-oriented throughput",
            "client": "O'Hara Ltd",
            "budget": 46794,
            "start_date": "1971-03-07",
            "end_date": "1970-10-08",
            "status": "completed"
        },
        {
            "id": 45215,
            "name": "Persevering local artificialintelligence",
            "client": "Marvin-Marvin",
            "budget": 54142,
            "start_date": "2005-10-20",
            "end_date": "1992-08-20",
            "status": "pending"
        },
        {
            "id": 62826,
            "name": "Up-sized background architecture",
            "client": "Feest, Boyer and Kuphal",
            "budget": 10682,
            "start_date": "2020-01-12",
            "end_date": "1989-09-16",
            "status": "pending"
        },
        {
            "id": 65686,
            "name": "Organic system-worthy project",
            "client": "Crist Group",
            "budget": 7297,
            "start_date": "1981-09-05",
            "end_date": "1990-07-22",
            "status": "pending"
        },
        {
            "id": 67342,
            "name": "Quality-focused cohesive internetsolution",
            "client": "Vandervort Group",
            "budget": 60298,
            "start_date": "2001-02-17",
            "end_date": "2005-01-16",
            "status": "completed"
        },
        {
            "id": 19684,
            "name": "Digitized background firmware",
            "client": "Champlin-Cartwright",
            "budget": 83527,
            "start_date": "1972-07-27",
            "end_date": "2020-09-04",
            "status": "completed"
        },
        {
            "id": 87397,
            "name": "Assimilated client-driven flexibility",
            "client": "Russel PLC",
            "budget": 67619,
            "start_date": "1970-11-10",
            "end_date": "2021-02-08",
            "status": "completed"
        },
        {
            "id": 98587,
            "name": "Sharable leadingedge middleware",
            "client": "Stokes, Goodwin and Hansen",
            "budget": 77163,
            "start_date": "1972-07-16",
            "end_date": "1975-01-24",
            "status": "active"
        },
        {
            "id": 34194,
            "name": "De-engineered discrete GraphicInterface",
            "client": "Heller Group",
            "budget": 56467,
            "start_date": "1984-02-11",
            "end_date": "1980-05-11",
            "status": "completed"
        },
        {
            "id": 55932,
            "name": "Re-engineered foreground frame",
            "client": "Senger Group",
            "budget": 36881,
            "start_date": "2019-04-17",
            "end_date": "2014-09-15",
            "status": "completed"
        },
        {
            "id": 73756,
            "name": "Advanced impactful contingency",
            "client": "Considine Inc",
            "budget": 14595,
            "start_date": "1974-12-27",
            "end_date": "1998-06-19",
            "status": "completed"
        },
        {
            "id": 96288,
            "name": "Automated neutral application",
            "client": "Bins Group",
            "budget": 78592,
            "start_date": "1973-12-17",
            "end_date": "2016-01-19",
            "status": "completed"
        },
        {
            "id": 64019,
            "name": "Synergistic actuating functionalities",
            "client": "Feeney, Jacobi and Hamill",
            "budget": 48873,
            "start_date": "2018-11-29",
            "end_date": "1974-12-20",
            "status": "pending"
        },
        {
            "id": 26518,
            "name": "Vision-oriented client-server artificialintelligence",
            "client": "Oberbrunner, Hane and Nienow",
            "budget": 43203,
            "start_date": "1986-03-18",
            "end_date": "1999-11-22",
            "status": "active"
        },
        {
            "id": 17406,
            "name": "Automated clear-thinking project",
            "client": "Barton-Yundt",
            "budget": 17150,
            "start_date": "2007-08-06",
            "end_date": "2007-04-15",
            "status": "active"
        },
        {
            "id": 12761,
            "name": "Inverse bifurcated info-mediaries",
            "client": "Dare-Kuhlman",
            "budget": 39856,
            "start_date": "2002-05-17",
            "end_date": "2019-07-03",
            "status": "active"
        },
        {
            "id": 12055,
            "name": "Universal content-based ability",
            "client": "Skiles LLC",
            "budget": 97496,
            "start_date": "1981-08-30",
            "end_date": "1992-05-24",
            "status": "active"
        },
        {
            "id": 15884,
            "name": "Implemented attitude-oriented opensystem",
            "client": "Pacocha-Pouros",
            "budget": 18720,
            "start_date": "1985-04-03",
            "end_date": "2014-12-11",
            "status": "completed"
        },
        {
            "id": 57535,
            "name": "Right-sized mission-critical capacity",
            "client": "Kreiger-Konopelski",
            "budget": 53238,
            "start_date": "1973-01-06",
            "end_date": "2023-12-07",
            "status": "active"
        },
        {
            "id": 89372,
            "name": "Enhanced coherent algorithm",
            "client": "O'Reilly PLC",
            "budget": 25760,
            "start_date": "2006-05-24",
            "end_date": "1985-09-08",
            "status": "active"
        },
        {
            "id": 37703,
            "name": "Integrated composite moratorium",
            "client": "Stoltenberg Inc",
            "budget": 66845,
            "start_date": "2005-08-14",
            "end_date": "1998-04-25",
            "status": "completed"
        },
        {
            "id": 68528,
            "name": "Operative mission-critical hierarchy",
            "client": "Koelpin, Herman and Rowe",
            "budget": 99613,
            "start_date": "1973-01-02",
            "end_date": "1981-06-30",
            "status": "completed"
        },
        {
            "id": 19996,
            "name": "Right-sized client-driven array",
            "client": "Huel, Langworth and Yundt",
            "budget": 78338,
            "start_date": "1978-03-20",
            "end_date": "2009-02-12",
            "status": "active"
        },
        {
            "id": 75064,
            "name": "Multi-lateral uniform interface",
            "client": "Mohr, Quitzon and Emmerich",
            "budget": 61708,
            "start_date": "1981-01-27",
            "end_date": "2010-06-22",
            "status": "completed"
        },
        {
            "id": 27008,
            "name": "Customer-focused dynamic implementation",
            "client": "Collier-Wehner",
            "budget": 68171,
            "start_date": "1978-09-25",
            "end_date": "1997-10-05",
            "status": "active"
        },
        {
            "id": 27179,
            "name": "Streamlined upward-trending projection",
            "client": "Miller-Haag",
            "budget": 76305,
            "start_date": "2010-09-02",
            "end_date": "1977-03-13",
            "status": "pending"
        },
        {
            "id": 56450,
            "name": "Sharable systematic neural-net",
            "client": "Anderson Inc",
            "budget": 58341,
            "start_date": "2007-08-24",
            "end_date": "2022-11-28",
            "status": "pending"
        },
        {
            "id": 42701,
            "name": "Enterprise-wide impactful extranet",
            "client": "Adams and Sons",
            "budget": 50214,
            "start_date": "1972-05-09",
            "end_date": "2009-01-05",
            "status": "active"
        },
        {
            "id": 58018,
            "name": "Devolved regional moderator",
            "client": "Hand, Medhurst and Klein",
            "budget": 94536,
            "start_date": "1977-11-05",
            "end_date": "2023-12-29",
            "status": "active"
        },
        {
            "id": 5111,
            "name": "Universal 5thgeneration extranet",
            "client": "Goodwin, O'Kon and Hoppe",
            "budget": 47725,
            "start_date": "1999-01-05",
            "end_date": "1999-04-26",
            "status": "completed"
        },
        {
            "id": 5020,
            "name": "Seamless maximized moderator",
            "client": "Wiza LLC",
            "budget": 54151,
            "start_date": "2014-02-04",
            "end_date": "2007-06-28",
            "status": "active"
        },
        {
            "id": 11485,
            "name": "Monitored regional focusgroup",
            "client": "Yost-Okuneva",
            "budget": 79692,
            "start_date": "1972-12-01",
            "end_date": "2015-09-08",
            "status": "completed"
        },
        {
            "id": 36474,
            "name": "Robust intangible circuit",
            "client": "Wilderman and Sons",
            "budget": 80851,
            "start_date": "1981-03-18",
            "end_date": "2010-12-10",
            "status": "active"
        },
        {
            "id": 74534,
            "name": "Reduced client-driven productivity",
            "client": "Harber Ltd",
            "budget": 33645,
            "start_date": "2008-03-15",
            "end_date": "2006-02-12",
            "status": "completed"
        },
        {
            "id": 39423,
            "name": "Reduced static workforce",
            "client": "Heller, Jerde and Fahey",
            "budget": 86731,
            "start_date": "1974-04-12",
            "end_date": "1978-05-19",
            "status": "active"
        },
        {
            "id": 35112,
            "name": "Synchronised holistic paradigm",
            "client": "Kerluke LLC",
            "budget": 68549,
            "start_date": "1981-08-02",
            "end_date": "2024-03-20",
            "status": "active"
        },
        {
            "id": 41673,
            "name": "Visionary homogeneous methodology",
            "client": "Sauer and Sons",
            "budget": 84689,
            "start_date": "1988-10-29",
            "end_date": "2010-05-18",
            "status": "completed"
        },
        {
            "id": 75546,
            "name": "Focused system-worthy functionalities",
            "client": "Ledner Group",
            "budget": 34459,
            "start_date": "2005-12-24",
            "end_date": "2012-01-10",
            "status": "completed"
        },
        {
            "id": 26069,
            "name": "Phased client-driven archive",
            "client": "Pfannerstill PLC",
            "budget": 92980,
            "start_date": "2023-11-30",
            "end_date": "2022-11-16",
            "status": "completed"
        },
        {
            "id": 46213,
            "name": "Enterprise-wide responsive knowledgebase",
            "client": "Herman-Haley",
            "budget": 82257,
            "start_date": "2024-07-22",
            "end_date": "1980-07-05",
            "status": "pending"
        },
        {
            "id": 36657,
            "name": "User-friendly mobile project",
            "client": "Swaniawski PLC",
            "budget": 67219,
            "start_date": "1994-01-07",
            "end_date": "1991-02-21",
            "status": "active"
        },
        {
            "id": 15554,
            "name": "Fully-configurable global budgetarymanagement",
            "client": "Considine-Senger",
            "budget": 38099,
            "start_date": "1998-10-14",
            "end_date": "2013-04-04",
            "status": "completed"
        },
        {
            "id": 29528,
            "name": "Vision-oriented 5thgeneration ability",
            "client": "Kreiger-Thiel",
            "budget": 8004,
            "start_date": "1975-02-12",
            "end_date": "2003-08-18",
            "status": "pending"
        },
        {
            "id": 27405,
            "name": "Mandatory contextually-based circuit",
            "client": "Leffler Inc",
            "budget": 7375,
            "start_date": "1986-11-23",
            "end_date": "1973-02-24",
            "status": "completed"
        },
        {
            "id": 29756,
            "name": "Fundamental 24hour throughput",
            "client": "Bahringer, Murazik and Goldner",
            "budget": 93732,
            "start_date": "2023-09-23",
            "end_date": "2000-12-08",
            "status": "pending"
        },
        {
            "id": 47135,
            "name": "Multi-tiered uniform software",
            "client": "Rempel-Veum",
            "budget": 67251,
            "start_date": "1977-02-11",
            "end_date": "2011-08-14",
            "status": "pending"
        },
        {
            "id": 51320,
            "name": "Focused 3rdgeneration encryption",
            "client": "McGlynn-Feil",
            "budget": 84930,
            "start_date": "1992-09-24",
            "end_date": "1981-01-06",
            "status": "completed"
        },
        {
            "id": 42448,
            "name": "Adaptive exuding standardization",
            "client": "D'Amore-Monahan",
            "budget": 97989,
            "start_date": "2023-09-03",
            "end_date": "1973-05-17",
            "status": "active"
        },
        {
            "id": 14128,
            "name": "Versatile 3rdgeneration migration",
            "client": "Breitenberg Group",
            "budget": 53342,
            "start_date": "1975-06-07",
            "end_date": "2024-06-08",
            "status": "active"
        },
        {
            "id": 29822,
            "name": "Open-source logistical project",
            "client": "Murray, Swaniawski and Schamberger",
            "budget": 74368,
            "start_date": "1999-10-22",
            "end_date": "2006-11-08",
            "status": "active"
        }
    ],
    "clients": [
        {
            "id": 53990,
            "name": "Fahey-Denesik",
            "contact_person": "Marcelina Altenwerth",
            "email": "little.fatima@renner.com",
            "phone": "561-742-3426"
        },
        {
            "id": 71052,
            "name": "Hoeger, Hilpert and Halvorson",
            "contact_person": "Beth Armstrong",
            "email": "gbarrows@ledner.com",
            "phone": "+1-828-553-4719"
        },
        {
            "id": 94172,
            "name": "Kshlerin, Jast and Yundt",
            "contact_person": "Ms. Lenora Schumm",
            "email": "abshire.erich@johns.com",
            "phone": "928-336-9525"
        },
        {
            "id": 37044,
            "name": "Schaden, Schuppe and Huel",
            "contact_person": "Mrs. Karlee Wintheiser IV",
            "email": "demond.keebler@pouros.org",
            "phone": "(513) 757-0983"
        },
        {
            "id": 83434,
            "name": "McLaughlin, Mitchell and Hintz",
            "contact_person": "Makenzie Bernhard",
            "email": "tjones@bergnaum.com",
            "phone": "+1-440-564-4361"
        },
        {
            "id": 51448,
            "name": "Brakus, Hagenes and Hintz",
            "contact_person": "Dusty Batz",
            "email": "hettinger.germaine@feeney.info",
            "phone": "(341) 923-5039"
        },
        {
            "id": 55172,
            "name": "Rippin Ltd",
            "contact_person": "Mrs. Salma Kreiger II",
            "email": "qkiehn@ohara.com",
            "phone": "567-344-5131"
        },
        {
            "id": 5096,
            "name": "Wiegand-Hauck",
            "contact_person": "Lisette Christiansen",
            "email": "hhuels@weimann.org",
            "phone": "+1.573.838.1330"
        },
        {
            "id": 15302,
            "name": "Legros and Sons",
            "contact_person": "Abbie Mann",
            "email": "paucek.ashley@waters.net",
            "phone": "1-364-318-4918"
        },
        {
            "id": 76709,
            "name": "Bins Group",
            "contact_person": "Braxton Kutch",
            "email": "schuppe.theodora@auer.com",
            "phone": "+1-253-365-3125"
        },
        {
            "id": 13531,
            "name": "Bergnaum Group",
            "contact_person": "Golda Walter III",
            "email": "shawna62@balistreri.com",
            "phone": "315-749-0443"
        },
        {
            "id": 41913,
            "name": "Nolan-Runolfsson",
            "contact_person": "Ray Hayes",
            "email": "windler.kristian@schulist.com",
            "phone": "+1.978.560.0827"
        },
        {
            "id": 63813,
            "name": "Mosciski-Rice",
            "contact_person": "Pasquale Kassulke",
            "email": "adelia09@nicolas.com",
            "phone": "1-947-800-3505"
        },
        {
            "id": 30928,
            "name": "Harris-Kassulke",
            "contact_person": "Lelah Corwin",
            "email": "schaefer.larry@prohaska.com",
            "phone": "737-990-5848"
        },
        {
            "id": 76612,
            "name": "Carter, Hackett and Pagac",
            "contact_person": "Mr. Kay Reinger",
            "email": "effertz.anjali@okuneva.com",
            "phone": "678-284-6009"
        },
        {
            "id": 70137,
            "name": "Walter, Cassin and Schmitt",
            "contact_person": "Mrs. Taryn Weber Jr.",
            "email": "coralie20@schaefer.com",
            "phone": "+1.410.465.1711"
        },
        {
            "id": 78424,
            "name": "Schoen, Schaefer and Zboncak",
            "contact_person": "Kurt Marquardt",
            "email": "king.perry@boehm.com",
            "phone": "+1.707.597.3785"
        },
        {
            "id": 44284,
            "name": "Stoltenberg, Shields and Runolfsson",
            "contact_person": "Harrison Kub",
            "email": "mccullough.grover@powlowski.info",
            "phone": "1-317-614-1468"
        },
        {
            "id": 83221,
            "name": "Emard-Roob",
            "contact_person": "Madie Bergnaum",
            "email": "litzy.bode@lubowitz.com",
            "phone": "207-239-9774"
        },
        {
            "id": 73694,
            "name": "Will-Kertzmann",
            "contact_person": "Mr. Deangelo Gutkowski III",
            "email": "virgie24@schaden.com",
            "phone": "231-901-8627"
        },
        {
            "id": 78124,
            "name": "Bashirian-Zboncak",
            "contact_person": "Margarett Runolfsson",
            "email": "aupton@ernser.com",
            "phone": "1-949-721-8443"
        },
        {
            "id": 91019,
            "name": "Mitchell-Schiller",
            "contact_person": "Kailey Kovacek",
            "email": "njast@stark.biz",
            "phone": "870.831.5437"
        },
        {
            "id": 21772,
            "name": "Weissnat LLC",
            "contact_person": "Glennie Welch",
            "email": "thea62@hoeger.net",
            "phone": "(918) 495-6486"
        },
        {
            "id": 93015,
            "name": "Zieme Group",
            "contact_person": "Rocky Romaguera",
            "email": "ziemann.kara@adams.com",
            "phone": "+1-435-988-2558"
        },
        {
            "id": 86182,
            "name": "Breitenberg-Lueilwitz",
            "contact_person": "Annetta Sporer",
            "email": "wrunolfsdottir@jakubowski.com",
            "phone": "+12489319369"
        },
        {
            "id": 97623,
            "name": "Rippin LLC",
            "contact_person": "Baylee Kuhic",
            "email": "joana.stracke@lebsack.com",
            "phone": "(785) 913-0767"
        },
        {
            "id": 40940,
            "name": "Pfeffer Inc",
            "contact_person": "Mrs. Zaria Gerlach",
            "email": "claudie09@altenwerth.com",
            "phone": "+1-763-472-6383"
        },
        {
            "id": 21711,
            "name": "Mayert, Schinner and Jakubowski",
            "contact_person": "Porter Keeling",
            "email": "dcrist@torp.com",
            "phone": "(385) 809-2396"
        },
        {
            "id": 94802,
            "name": "Morissette-Kilback",
            "contact_person": "Prof. Oswald Kuhn",
            "email": "khalil61@berge.org",
            "phone": "351-618-7681"
        },
        {
            "id": 36008,
            "name": "Gutkowski PLC",
            "contact_person": "Mrs. Amy Altenwerth",
            "email": "luna.erdman@stokes.com",
            "phone": "1-847-374-3217"
        },
        {
            "id": 96169,
            "name": "McKenzie-Schmeler",
            "contact_person": "Tremayne Lehner",
            "email": "tom.douglas@roberts.com",
            "phone": "623-498-1745"
        },
        {
            "id": 27924,
            "name": "Corwin, Torphy and Kilback",
            "contact_person": "Marcelo Goldner",
            "email": "skyla49@nicolas.com",
            "phone": "571.488.2902"
        },
        {
            "id": 38268,
            "name": "Kohler, Murazik and Goldner",
            "contact_person": "Rosendo Ledner",
            "email": "wtowne@gibson.com",
            "phone": "1-540-540-2271"
        },
        {
            "id": 74563,
            "name": "Nitzsche, Hauck and Barrows",
            "contact_person": "Prof. Chaz Nicolas",
            "email": "tbrekke@gorczany.biz",
            "phone": "925.770.6976"
        },
        {
            "id": 24675,
            "name": "Gerhold-Hoppe",
            "contact_person": "Mr. Urban Abbott DDS",
            "email": "russel.asa@denesik.com",
            "phone": "1-401-901-2543"
        },
        {
            "id": 51374,
            "name": "Streich, Wolf and Weissnat",
            "contact_person": "Mr. Lester Fay",
            "email": "sammy93@herman.org",
            "phone": "+18288087043"
        },
        {
            "id": 36914,
            "name": "Kutch-Brown",
            "contact_person": "Prof. Gaston Reichel I",
            "email": "morissette.donny@hermiston.com",
            "phone": "903-693-1098"
        },
        {
            "id": 36215,
            "name": "Jakubowski-Haag",
            "contact_person": "Maudie Bernhard",
            "email": "eddie11@nader.org",
            "phone": "(843) 491-7383"
        },
        {
            "id": 98947,
            "name": "Yundt-Moen",
            "contact_person": "Miss Mariane Doyle",
            "email": "nathan40@homenick.com",
            "phone": "+1.339.667.0685"
        },
        {
            "id": 68640,
            "name": "Bashirian, Volkman and Green",
            "contact_person": "Mr. Favian Erdman",
            "email": "mayra.stroman@blanda.com",
            "phone": "+1-845-968-3695"
        },
        {
            "id": 49461,
            "name": "Crist-West",
            "contact_person": "Lilla Nikolaus",
            "email": "brown.jennifer@green.com",
            "phone": "636-858-5044"
        },
        {
            "id": 49071,
            "name": "Bartell, Klocko and Moen",
            "contact_person": "Shanel Maggio III",
            "email": "kuhic.deshawn@kuhic.net",
            "phone": "(931) 972-3585"
        },
        {
            "id": 6368,
            "name": "Dare, Hayes and Dietrich",
            "contact_person": "Vesta Wiegand",
            "email": "manley62@aufderhar.com",
            "phone": "(629) 854-1307"
        },
        {
            "id": 45913,
            "name": "Legros Inc",
            "contact_person": "Nelle Osinski",
            "email": "kbuckridge@pacocha.org",
            "phone": "+16297280337"
        },
        {
            "id": 62696,
            "name": "Watsica PLC",
            "contact_person": "Verlie Langworth",
            "email": "mckenzie.carolyne@klocko.net",
            "phone": "+1-346-213-4067"
        },
        {
            "id": 88915,
            "name": "Kertzmann, Cruickshank and Kilback",
            "contact_person": "Mr. Chadd Koch DVM",
            "email": "johan69@ledner.net",
            "phone": "872.964.7214"
        },
        {
            "id": 98075,
            "name": "Sawayn, Halvorson and Moore",
            "contact_person": "Leilani Johns",
            "email": "assunta.anderson@sanford.com",
            "phone": "346.273.9219"
        },
        {
            "id": 43948,
            "name": "Kling and Sons",
            "contact_person": "Mrs. Margot Leffler",
            "email": "tommie96@steuber.info",
            "phone": "1-269-499-1280"
        },
        {
            "id": 42048,
            "name": "Lueilwitz, Jacobs and Ruecker",
            "contact_person": "Maia Muller",
            "email": "otremblay@brown.info",
            "phone": "+1-715-841-6439"
        },
        {
            "id": 4942,
            "name": "Greenholt-Langosh",
            "contact_person": "Darryl Tremblay",
            "email": "tomasa36@schinner.info",
            "phone": "1-857-659-3839"
        },
        {
            "id": 81294,
            "name": "Altenwerth-Hamill",
            "contact_person": "Jacey Robel",
            "email": "rmann@tromp.net",
            "phone": "(406) 951-9138"
        },
        {
            "id": 5682,
            "name": "Robel and Sons",
            "contact_person": "Mrs. Marianna Carter I",
            "email": "daniella.herzog@wehner.net",
            "phone": "1-480-510-9536"
        },
        {
            "id": 24466,
            "name": "Trantow, Casper and Orn",
            "contact_person": "Reba Maggio",
            "email": "kdare@hessel.biz",
            "phone": "1-303-767-5533"
        },
        {
            "id": 88203,
            "name": "Crist Inc",
            "contact_person": "Violet Mitchell MD",
            "email": "welch.malcolm@cole.com",
            "phone": "+1-321-791-7249"
        },
        {
            "id": 38888,
            "name": "Cassin Group",
            "contact_person": "Zoie Hoeger",
            "email": "bschneider@fadel.biz",
            "phone": "(856) 322-6496"
        },
        {
            "id": 16723,
            "name": "Donnelly and Sons",
            "contact_person": "Abdiel Fay",
            "email": "oflatley@upton.com",
            "phone": "272.593.7361"
        },
        {
            "id": 30694,
            "name": "Nitzsche-Walter",
            "contact_person": "Floy Walker",
            "email": "nfeeney@stroman.biz",
            "phone": "1-480-582-3576"
        },
        {
            "id": 92378,
            "name": "Ward PLC",
            "contact_person": "Frieda Dare",
            "email": "alexander31@terry.com",
            "phone": "+1-757-673-4338"
        },
        {
            "id": 89914,
            "name": "Nicolas-Sanford",
            "contact_person": "Alfredo Buckridge",
            "email": "rempel.flossie@effertz.net",
            "phone": "+13257817346"
        },
        {
            "id": 1095,
            "name": "Satterfield and Sons",
            "contact_person": "Josiane Collins",
            "email": "hbrekke@abbott.info",
            "phone": "602-226-9827"
        },
        {
            "id": 62326,
            "name": "Schamberger-Lakin",
            "contact_person": "Deondre Hickle",
            "email": "elisha.kozey@runolfsson.com",
            "phone": "989.604.3715"
        },
        {
            "id": 5283,
            "name": "Weissnat, Russel and Grimes",
            "contact_person": "Dr. Sydni Bahringer",
            "email": "harris.jean@hermann.com",
            "phone": "+1.434.739.2413"
        },
        {
            "id": 32632,
            "name": "Prohaska, Roob and Gerlach",
            "contact_person": "Matteo Hauck DDS",
            "email": "leslie21@cronin.com",
            "phone": "775.981.6984"
        },
        {
            "id": 32589,
            "name": "Breitenberg-Toy",
            "contact_person": "Alexandra Murazik",
            "email": "kathleen.jacobson@murazik.com",
            "phone": "(678) 941-2042"
        },
        {
            "id": 70747,
            "name": "Reynolds PLC",
            "contact_person": "Burnice Franecki MD",
            "email": "markus.rippin@kovacek.info",
            "phone": "+1.580.269.7565"
        },
        {
            "id": 49002,
            "name": "Price LLC",
            "contact_person": "Cristal Murphy",
            "email": "sokuneva@moen.org",
            "phone": "+1 (219) 787-3986"
        },
        {
            "id": 74890,
            "name": "Beer, Harris and Dickinson",
            "contact_person": "Delphia Barrows",
            "email": "krajcik.jacquelyn@walter.com",
            "phone": "1-269-830-6785"
        },
        {
            "id": 66703,
            "name": "Williamson-Hyatt",
            "contact_person": "Remington Mraz",
            "email": "esperanza.torp@goldner.org",
            "phone": "1-215-977-9220"
        },
        {
            "id": 21197,
            "name": "Strosin, Runolfsson and Feil",
            "contact_person": "Jane Aufderhar",
            "email": "enrique.dubuque@blick.com",
            "phone": "505.282.8946"
        },
        {
            "id": 34638,
            "name": "Wiza-White",
            "contact_person": "Enrico Toy",
            "email": "chandler.rath@will.com",
            "phone": "+1.212.463.5736"
        },
        {
            "id": 34494,
            "name": "DuBuque-Grady",
            "contact_person": "Prof. Lupe Upton V",
            "email": "jovan.kub@ullrich.net",
            "phone": "+1-240-862-5728"
        },
        {
            "id": 27706,
            "name": "Gutkowski, Hoppe and Hamill",
            "contact_person": "Hiram Kerluke",
            "email": "janie.lynch@volkman.biz",
            "phone": "775.941.4364"
        },
        {
            "id": 80728,
            "name": "Effertz and Sons",
            "contact_person": "Therese Lynch III",
            "email": "boyer.dangelo@damore.com",
            "phone": "(762) 653-3480"
        },
        {
            "id": 23590,
            "name": "Davis PLC",
            "contact_person": "Kirk Spinka",
            "email": "gabriel.eichmann@mueller.org",
            "phone": "+1-425-470-2960"
        },
        {
            "id": 78552,
            "name": "Ferry, Hayes and Durgan",
            "contact_person": "Merl Anderson",
            "email": "santino37@marvin.com",
            "phone": "810-501-4978"
        },
        {
            "id": 60072,
            "name": "Kling LLC",
            "contact_person": "Rosanna Pollich",
            "email": "charlotte56@dubuque.com",
            "phone": "+1.808.354.8464"
        },
        {
            "id": 96564,
            "name": "Gaylord-Hessel",
            "contact_person": "Logan Franecki",
            "email": "schiller.dax@jerde.com",
            "phone": "1-283-746-9138"
        },
        {
            "id": 80752,
            "name": "Renner-McKenzie",
            "contact_person": "Hunter Donnelly",
            "email": "chadrick16@kshlerin.net",
            "phone": "1-681-946-5621"
        },
        {
            "id": 16642,
            "name": "Halvorson Ltd",
            "contact_person": "Columbus Robel V",
            "email": "schultz.alexandria@pouros.com",
            "phone": "347.670.6693"
        },
        {
            "id": 1858,
            "name": "Stanton-Hansen",
            "contact_person": "Osborne Frami",
            "email": "jon.von@dubuque.com",
            "phone": "678.303.0328"
        },
        {
            "id": 71987,
            "name": "Walker-Ritchie",
            "contact_person": "Prof. Darby Haag Jr.",
            "email": "annabelle.smith@gusikowski.org",
            "phone": "516-370-4520"
        },
        {
            "id": 87001,
            "name": "Howell, Ankunding and Medhurst",
            "contact_person": "Marietta Zulauf",
            "email": "jackeline85@pouros.com",
            "phone": "+1-443-676-7353"
        },
        {
            "id": 66379,
            "name": "Muller, Durgan and Hauck",
            "contact_person": "Holly Gerhold",
            "email": "isac11@gutkowski.com",
            "phone": "+15205157388"
        },
        {
            "id": 88458,
            "name": "Koepp PLC",
            "contact_person": "Herminio Hamill",
            "email": "collier.loy@nolan.net",
            "phone": "+14097436694"
        },
        {
            "id": 70133,
            "name": "Hickle, Schowalter and Hammes",
            "contact_person": "Ms. Kenyatta Stokes PhD",
            "email": "ernest88@monahan.com",
            "phone": "+1 (636) 476-0769"
        },
        {
            "id": 66872,
            "name": "Kassulke, Muller and Klein",
            "contact_person": "Winston Wolff III",
            "email": "cristian91@haley.com",
            "phone": "+1.562.920.0610"
        },
        {
            "id": 21907,
            "name": "Zboncak Inc",
            "contact_person": "Julien Rempel II",
            "email": "jillian.sanford@wunsch.com",
            "phone": "213-996-6773"
        },
        {
            "id": 78204,
            "name": "Morar, Fritsch and Schimmel",
            "contact_person": "Vivienne Will",
            "email": "therese.doyle@zboncak.net",
            "phone": "301-642-5560"
        },
        {
            "id": 71945,
            "name": "Langosh-Smith",
            "contact_person": "Prof. Kyler Gaylord",
            "email": "theodore.dooley@torphy.org",
            "phone": "703-764-7218"
        },
        {
            "id": 8350,
            "name": "Feest, Howe and Connelly",
            "contact_person": "Pearline Toy",
            "email": "bkonopelski@bogan.com",
            "phone": "(303) 662-2858"
        },
        {
            "id": 64698,
            "name": "Schmitt, Blick and Sanford",
            "contact_person": "Prof. Johnson Franecki",
            "email": "spurdy@streich.org",
            "phone": "380-973-5931"
        },
        {
            "id": 42514,
            "name": "Cummerata, Daniel and Gerlach",
            "contact_person": "Susanna Steuber",
            "email": "cathy.rohan@crist.com",
            "phone": "+1.503.355.7691"
        },
        {
            "id": 41818,
            "name": "Langosh-Nolan",
            "contact_person": "Maxime Osinski III",
            "email": "jkoch@frami.net",
            "phone": "+1-918-232-0447"
        },
        {
            "id": 69776,
            "name": "Bartell-Yundt",
            "contact_person": "Ms. Eldridge Jerde MD",
            "email": "ttromp@beatty.info",
            "phone": "283.519.4695"
        },
        {
            "id": 10642,
            "name": "Heller, O'Connell and Boyer",
            "contact_person": "Caterina Hartmann",
            "email": "barrows.gloria@abbott.com",
            "phone": "1-629-314-3550"
        },
        {
            "id": 24143,
            "name": "Greenholt Ltd",
            "contact_person": "Kamryn Wiegand",
            "email": "hamill.lisette@ledner.org",
            "phone": "+1.703.469.9886"
        },
        {
            "id": 73442,
            "name": "Mohr Inc",
            "contact_person": "Colt Wisoky",
            "email": "cruickshank.izaiah@okeefe.net",
            "phone": "+1 (347) 240-3476"
        },
        {
            "id": 522,
            "name": "Keeling, Block and Cormier",
            "contact_person": "Mr. Skylar Kohler IV",
            "email": "jaclyn09@breitenberg.com",
            "phone": "+1-832-815-2060"
        },
        {
            "id": 1441,
            "name": "Blick-Greenholt",
            "contact_person": "Mrs. Kenna Ledner V",
            "email": "bailey.green@weimann.info",
            "phone": "+1-404-627-2782"
        },
        {
            "id": 52998,
            "name": "Russel-Steuber",
            "contact_person": "Mr. Domenic Swift",
            "email": "zjones@gutmann.info",
            "phone": "719.588.0056"
        }
    ],
    "analytics": [
        {
            "campaign_id": 17338,
            "impressions": 468450,
            "clicks": 5021,
            "conversions": 383,
            "revenue": 32820.44
        },
        {
            "campaign_id": 17338,
            "impressions": 226693,
            "clicks": 6652,
            "conversions": 958,
            "revenue": 16926.3
        },
        {
            "campaign_id": 17338,
            "impressions": 88844,
            "clicks": 1394,
            "conversions": 636,
            "revenue": 1021.39
        },
        {
            "campaign_id": 54145,
            "impressions": 376610,
            "clicks": 819,
            "conversions": 674,
            "revenue": 22672.39
        },
        {
            "campaign_id": 51702,
            "impressions": 658963,
            "clicks": 4631,
            "conversions": 473,
            "revenue": 10843.08
        },
        {
            "campaign_id": 17338,
            "impressions": 402188,
            "clicks": 9284,
            "conversions": 257,
            "revenue": 10098.11
        },
        {
            "campaign_id": 51702,
            "impressions": 405196,
            "clicks": 1431,
            "conversions": 240,
            "revenue": 6847.73
        },
        {
            "campaign_id": 51702,
            "impressions": 890596,
            "clicks": 4766,
            "conversions": 779,
            "revenue": 1362.54
        },
        {
            "campaign_id": 91200,
            "impressions": 599517,
            "clicks": 7734,
            "conversions": 63,
            "revenue": 47679.07
        },
        {
            "campaign_id": 54145,
            "impressions": 422699,
            "clicks": 5249,
            "conversions": 877,
            "revenue": 26747.64
        },
        {
            "campaign_id": 71741,
            "impressions": 17949,
            "clicks": 1650,
            "conversions": 895,
            "revenue": 10631.16
        },
        {
            "campaign_id": 31884,
            "impressions": 493817,
            "clicks": 7713,
            "conversions": 745,
            "revenue": 8906.91
        },
        {
            "campaign_id": 17338,
            "impressions": 932328,
            "clicks": 2530,
            "conversions": 179,
            "revenue": 6951.79
        },
        {
            "campaign_id": 91200,
            "impressions": 188844,
            "clicks": 1296,
            "conversions": 566,
            "revenue": 31573.21
        },
        {
            "campaign_id": 54145,
            "impressions": 400183,
            "clicks": 5040,
            "conversions": 346,
            "revenue": 27548.85
        },
        {
            "campaign_id": 71741,
            "impressions": 610113,
            "clicks": 5675,
            "conversions": 958,
            "revenue": 35735
        },
        {
            "campaign_id": 71741,
            "impressions": 929899,
            "clicks": 8364,
            "conversions": 193,
            "revenue": 31986.75
        },
        {
            "campaign_id": 54974,
            "impressions": 128143,
            "clicks": 1849,
            "conversions": 786,
            "revenue": 29299.89
        },
        {
            "campaign_id": 96016,
            "impressions": 278520,
            "clicks": 1424,
            "conversions": 417,
            "revenue": 48852.78
        },
        {
            "campaign_id": 31884,
            "impressions": 646597,
            "clicks": 5573,
            "conversions": 162,
            "revenue": 47443.81
        },
        {
            "campaign_id": 51702,
            "impressions": 24925,
            "clicks": 5659,
            "conversions": 254,
            "revenue": 22339.61
        },
        {
            "campaign_id": 54145,
            "impressions": 842127,
            "clicks": 3624,
            "conversions": 497,
            "revenue": 6816.92
        },
        {
            "campaign_id": 54974,
            "impressions": 285086,
            "clicks": 7685,
            "conversions": 407,
            "revenue": 28772.49
        },
        {
            "campaign_id": 71741,
            "impressions": 913995,
            "clicks": 748,
            "conversions": 137,
            "revenue": 47606.02
        },
        {
            "campaign_id": 61437,
            "impressions": 287947,
            "clicks": 8961,
            "conversions": 875,
            "revenue": 48571.87
        },
        {
            "campaign_id": 21177,
            "impressions": 54238,
            "clicks": 651,
            "conversions": 448,
            "revenue": 27499.26
        },
        {
            "campaign_id": 21177,
            "impressions": 502002,
            "clicks": 4307,
            "conversions": 589,
            "revenue": 28635.18
        },
        {
            "campaign_id": 84890,
            "impressions": 77999,
            "clicks": 4407,
            "conversions": 357,
            "revenue": 45400.25
        },
        {
            "campaign_id": 66405,
            "impressions": 13475,
            "clicks": 9743,
            "conversions": 109,
            "revenue": 49011.77
        },
        {
            "campaign_id": 69998,
            "impressions": 648675,
            "clicks": 204,
            "conversions": 380,
            "revenue": 18441.36
        },
        {
            "campaign_id": 13890,
            "impressions": 929597,
            "clicks": 7533,
            "conversions": 223,
            "revenue": 7738.15
        },
        {
            "campaign_id": 98528,
            "impressions": 733873,
            "clicks": 7914,
            "conversions": 955,
            "revenue": 7283.93
        },
        {
            "campaign_id": 76563,
            "impressions": 851456,
            "clicks": 5447,
            "conversions": 302,
            "revenue": 45261.66
        },
        {
            "campaign_id": 2283,
            "impressions": 86290,
            "clicks": 4614,
            "conversions": 269,
            "revenue": 46681.88
        },
        {
            "campaign_id": 60800,
            "impressions": 25575,
            "clicks": 3013,
            "conversions": 395,
            "revenue": 23871.2
        },
        {
            "campaign_id": 71741,
            "impressions": 961419,
            "clicks": 3469,
            "conversions": 517,
            "revenue": 21833.42
        },
        {
            "campaign_id": 13890,
            "impressions": 890768,
            "clicks": 5741,
            "conversions": 154,
            "revenue": 31927.75
        },
        {
            "campaign_id": 11124,
            "impressions": 219393,
            "clicks": 8215,
            "conversions": 851,
            "revenue": 26833.54
        },
        {
            "campaign_id": 51702,
            "impressions": 709330,
            "clicks": 7407,
            "conversions": 675,
            "revenue": 4253.89
        },
        {
            "campaign_id": 8288,
            "impressions": 260353,
            "clicks": 8684,
            "conversions": 410,
            "revenue": 49460.48
        },
        {
            "campaign_id": 42247,
            "impressions": 664491,
            "clicks": 2195,
            "conversions": 478,
            "revenue": 47149.98
        },
        {
            "campaign_id": 80360,
            "impressions": 294782,
            "clicks": 4961,
            "conversions": 300,
            "revenue": 6368.01
        },
        {
            "campaign_id": 89963,
            "impressions": 497276,
            "clicks": 3029,
            "conversions": 619,
            "revenue": 36378.15
        },
        {
            "campaign_id": 91388,
            "impressions": 344703,
            "clicks": 5701,
            "conversions": 693,
            "revenue": 45853.26
        },
        {
            "campaign_id": 96016,
            "impressions": 855914,
            "clicks": 5834,
            "conversions": 568,
            "revenue": 46244.56
        },
        {
            "campaign_id": 11124,
            "impressions": 400804,
            "clicks": 9472,
            "conversions": 240,
            "revenue": 5879.98
        },
        {
            "campaign_id": 61437,
            "impressions": 298719,
            "clicks": 5364,
            "conversions": 515,
            "revenue": 47692.1
        },
        {
            "campaign_id": 64457,
            "impressions": 950072,
            "clicks": 5953,
            "conversions": 362,
            "revenue": 17945.67
        },
        {
            "campaign_id": 73614,
            "impressions": 118515,
            "clicks": 8000,
            "conversions": 595,
            "revenue": 6768.87
        },
        {
            "campaign_id": 60800,
            "impressions": 497749,
            "clicks": 544,
            "conversions": 574,
            "revenue": 42523.14
        },
        {
            "campaign_id": 31884,
            "impressions": 270846,
            "clicks": 658,
            "conversions": 429,
            "revenue": 14793.04
        },
        {
            "campaign_id": 34623,
            "impressions": 540722,
            "clicks": 3402,
            "conversions": 357,
            "revenue": 4026.39
        },
        {
            "campaign_id": 64457,
            "impressions": 501955,
            "clicks": 9842,
            "conversions": 552,
            "revenue": 44556.41
        },
        {
            "campaign_id": 89963,
            "impressions": 584580,
            "clicks": 656,
            "conversions": 484,
            "revenue": 37476.83
        },
        {
            "campaign_id": 45215,
            "impressions": 779243,
            "clicks": 1479,
            "conversions": 170,
            "revenue": 27540.82
        },
        {
            "campaign_id": 67253,
            "impressions": 824444,
            "clicks": 3855,
            "conversions": 296,
            "revenue": 2334.84
        },
        {
            "campaign_id": 62826,
            "impressions": 349272,
            "clicks": 4192,
            "conversions": 22,
            "revenue": 4180.98
        },
        {
            "campaign_id": 96470,
            "impressions": 197258,
            "clicks": 9076,
            "conversions": 963,
            "revenue": 27806.23
        },
        {
            "campaign_id": 40330,
            "impressions": 744039,
            "clicks": 7113,
            "conversions": 973,
            "revenue": 23811.33
        },
        {
            "campaign_id": 61437,
            "impressions": 612332,
            "clicks": 3582,
            "conversions": 221,
            "revenue": 22587.55
        },
        {
            "campaign_id": 12753,
            "impressions": 117937,
            "clicks": 2418,
            "conversions": 81,
            "revenue": 49095.15
        },
        {
            "campaign_id": 84890,
            "impressions": 820998,
            "clicks": 1442,
            "conversions": 808,
            "revenue": 48590.58
        },
        {
            "campaign_id": 8288,
            "impressions": 548983,
            "clicks": 9120,
            "conversions": 624,
            "revenue": 15117.16
        },
        {
            "campaign_id": 73614,
            "impressions": 633911,
            "clicks": 6152,
            "conversions": 157,
            "revenue": 37078.02
        },
        {
            "campaign_id": 34623,
            "impressions": 729238,
            "clicks": 5785,
            "conversions": 631,
            "revenue": 24004.09
        },
        {
            "campaign_id": 73756,
            "impressions": 600210,
            "clicks": 2924,
            "conversions": 207,
            "revenue": 38902.67
        },
        {
            "campaign_id": 96016,
            "impressions": 286600,
            "clicks": 5425,
            "conversions": 93,
            "revenue": 35754.24
        },
        {
            "campaign_id": 34194,
            "impressions": 340315,
            "clicks": 4841,
            "conversions": 895,
            "revenue": 25644.67
        },
        {
            "campaign_id": 96470,
            "impressions": 747619,
            "clicks": 6567,
            "conversions": 326,
            "revenue": 41015.01
        },
        {
            "campaign_id": 34623,
            "impressions": 490941,
            "clicks": 1185,
            "conversions": 110,
            "revenue": 26327.37
        },
        {
            "campaign_id": 13851,
            "impressions": 30747,
            "clicks": 6128,
            "conversions": 851,
            "revenue": 37134.33
        },
        {
            "campaign_id": 34623,
            "impressions": 628649,
            "clicks": 5145,
            "conversions": 533,
            "revenue": 27610.8
        },
        {
            "campaign_id": 73614,
            "impressions": 837966,
            "clicks": 7422,
            "conversions": 137,
            "revenue": 17688
        },
        {
            "campaign_id": 2283,
            "impressions": 288329,
            "clicks": 5458,
            "conversions": 383,
            "revenue": 16212.47
        },
        {
            "campaign_id": 17200,
            "impressions": 437412,
            "clicks": 5565,
            "conversions": 34,
            "revenue": 29598.58
        },
        {
            "campaign_id": 13851,
            "impressions": 856455,
            "clicks": 9984,
            "conversions": 116,
            "revenue": 37101.33
        },
        {
            "campaign_id": 41119,
            "impressions": 284385,
            "clicks": 3189,
            "conversions": 579,
            "revenue": 11688.45
        },
        {
            "campaign_id": 12753,
            "impressions": 202649,
            "clicks": 4576,
            "conversions": 942,
            "revenue": 21878.16
        },
        {
            "campaign_id": 89963,
            "impressions": 245593,
            "clicks": 584,
            "conversions": 216,
            "revenue": 45698.37
        },
        {
            "campaign_id": 13890,
            "impressions": 598980,
            "clicks": 2185,
            "conversions": 310,
            "revenue": 22021.47
        },
        {
            "campaign_id": 17200,
            "impressions": 73922,
            "clicks": 3154,
            "conversions": 331,
            "revenue": 25498.81
        },
        {
            "campaign_id": 74141,
            "impressions": 927486,
            "clicks": 7319,
            "conversions": 518,
            "revenue": 30714.59
        },
        {
            "campaign_id": 34194,
            "impressions": 723319,
            "clicks": 9780,
            "conversions": 410,
            "revenue": 24009.27
        },
        {
            "campaign_id": 12055,
            "impressions": 437519,
            "clicks": 8340,
            "conversions": 568,
            "revenue": 3521.78
        },
        {
            "campaign_id": 30057,
            "impressions": 164615,
            "clicks": 5406,
            "conversions": 633,
            "revenue": 25073.93
        },
        {
            "campaign_id": 54271,
            "impressions": 216420,
            "clicks": 2610,
            "conversions": 489,
            "revenue": 21398.73
        },
        {
            "campaign_id": 37703,
            "impressions": 420546,
            "clicks": 8816,
            "conversions": 608,
            "revenue": 22004.13
        },
        {
            "campaign_id": 26117,
            "impressions": 719315,
            "clicks": 618,
            "conversions": 854,
            "revenue": 28291.89
        },
        {
            "campaign_id": 71122,
            "impressions": 110411,
            "clicks": 9253,
            "conversions": 632,
            "revenue": 32592.39
        },
        {
            "campaign_id": 17338,
            "impressions": 285667,
            "clicks": 5633,
            "conversions": 889,
            "revenue": 10308.86
        },
        {
            "campaign_id": 69998,
            "impressions": 970886,
            "clicks": 6416,
            "conversions": 98,
            "revenue": 19125.27
        },
        {
            "campaign_id": 13851,
            "impressions": 444930,
            "clicks": 6246,
            "conversions": 38,
            "revenue": 7908.44
        },
        {
            "campaign_id": 54145,
            "impressions": 307290,
            "clicks": 6573,
            "conversions": 308,
            "revenue": 14048.25
        },
        {
            "campaign_id": 91200,
            "impressions": 540412,
            "clicks": 6424,
            "conversions": 974,
            "revenue": 47636.32
        },
        {
            "campaign_id": 74534,
            "impressions": 372495,
            "clicks": 9090,
            "conversions": 530,
            "revenue": 28014.97
        },
        {
            "campaign_id": 17200,
            "impressions": 892771,
            "clicks": 8832,
            "conversions": 501,
            "revenue": 47584.88
        },
        {
            "campaign_id": 31884,
            "impressions": 434992,
            "clicks": 6249,
            "conversions": 312,
            "revenue": 39778.64
        },
        {
            "campaign_id": 30057,
            "impressions": 686469,
            "clicks": 4997,
            "conversions": 246,
            "revenue": 46914.84
        },
        {
            "campaign_id": 62826,
            "impressions": 585934,
            "clicks": 7177,
            "conversions": 769,
            "revenue": 7136.89
        },
        {
            "campaign_id": 41119,
            "impressions": 350980,
            "clicks": 3789,
            "conversions": 695,
            "revenue": 34081.06
        }
    ]
}